@article{Chord,
 author = {Stoica, Ion and Morris, Robert and Karger, David and Kaashoek, M. Frans and Balakrishnan, Hari},
 title = {Chord: A scalable peer-to-peer lookup service for internet applications},
 journal = {SIGCOMM Comput. Commun. Rev.},
 issue_date = {October 2001},
 volume = {31},
 issue = {4},
 month = {August},
 year = {2001},
 issn = {0146-4833},
 pages = {149--160},
 numpages = {12},
 url = {http://doi.acm.org/10.1145/964723.383071},
 doi = {http://doi.acm.org/10.1145/964723.383071},
 acmid = {383071},
 publisher = {ACM},
 address = {New York, NY, USA},
} 

@misc{blockchain,
  title = {Bitcoin Blockchain},
  note = {http://sophosnews.files.wordpress.com/2013/03/bitcoin-diagram-490.png?w=490&h=355}
}


