@inproceedings{chord,
  title={Chord: A scalable peer-to-peer lookup service for internet applications},
  author={Stoica, Ion and Morris, Robert and Karger, David and Kaashoek, M Frans and Balakrishnan, Hari},
  booktitle={ACM SIGCOMM Computer Communication Review},
  volume={31},
  number={4},
  pages={149--160},
  year={2001},
  organization={ACM}
}

@article{bitcoin,
  title={Bitcoin: A peer-to-peer electronic cash system},
  author={Nakamoto, Satoshi},
  journal={Consulted},
  volume={1},
  pages={2012},
  year={2008}
}
@inproceedings{pappas,
  title={A Comparative Study of the DNS Design with DHT-Based Alternatives.},
  author={Pappas, Vasileios and Massey, Daniel and Terzis, Andreas and Zhang, Lixia},
  booktitle={INFOCOM},
  volume={6},
  pages={1--13},
  year={2006}
}


@incollection{cox,
  title={Serving DNS using a peer-to-peer lookup service},
  author={Cox, Russ and Muthitacharoen, Athicha and Morris, Robert T},
  booktitle={Peer-to-Peer Systems},
  pages={155--165},
  year={2002},
  publisher={Springer}
}

@misc{namecoin,
	title ={Namecoin},
	howpublished= {\url{https://github.com/vinced/namecoin}},
	note = {Accessed: 11/29/2013 }
}

@article{mockapetris2003rfc,
  title={RFC 1034: Domain names: concepts and facilities (November 1987)},
  author={Mockapetris, Paul},
  journal={Status: Standard},
  year={2003}
}


@article{mockapetris2004rfc,
  title={RFC 1035: Domain names: implementation and specification (November 1987)},
  author={Mockapetris, Paul},
  journal={\url{http://www. ietf. org/rfc/rfc1035.txt}},
  year={2004}
}


@article{blacka2013clarifications,
  title={Clarifications and Implementation Notes for DNS Security (DNSSEC)},
  author={Blacka, David and Weiler, Samuel},
  year={2013}
}

@misc{pdns,
title = {PowerDNS},
howpublished = {\url{https://www.powerdns.com/}}
}

@article{irm,
  title={IRM: integrated file replication and consistency maintenance in P2P systems},
  author={Shen, Haiying},
  journal={Parallel and Distributed Systems, IEEE Transactions on},
  volume={21},
  number={1},
  pages={100--113},
  year={2010},
  publisher={IEEE}
}


@inproceedings{voronet,
  title={VoroNet: A scalable object network based on Voronoi tessellations},
  author={Beaumont, Olivier and Kermarrec, A-M and Marchal, Loris and Rivi{\`e}re, Etienne},
  booktitle={Parallel and Distributed Processing Symposium, 2007. IPDPS 2007. IEEE International},
  pages={1--10},
  year={2007},
  organization={IEEE}
}
