@inproceedings{chord,
  title={Chord: A scalable peer-to-peer lookup service for internet applications},
  author={Stoica, Ion and Morris, Robert and Karger, David and Kaashoek, M Frans and Balakrishnan, Hari},
  booktitle={ACM SIGCOMM Computer Communication Review},
  volume={31},
  number={4},
  pages={149--160},
  year={2001},
  organization={ACM}
}

@article{bitcoin,
  title={Bitcoin: A peer-to-peer electronic cash system},
  author={Nakamoto, Satoshi},
  journal={Consulted},
  volume={1},
  pages={2012},
  year={2008}
}
@inproceedings{pappas,
  title={A Comparative Study of the DNS Design with DHT-Based Alternatives.},
  author={Pappas, Vasileios and Massey, Daniel and Terzis, Andreas and Zhang, Lixia},
  booktitle={INFOCOM},
  volume={6},
  pages={1--13},
  year={2006}
}


@incollection{cox,
  title={Serving DNS using a peer-to-peer lookup service},
  author={Cox, Russ and Muthitacharoen, Athicha and Morris, Robert T},
  booktitle={Peer-to-Peer Systems},
  pages={155--165},
  year={2002},
  publisher={Springer}
}

@misc{namecoin,
	title ={Namecoin},
	howpublished= {\url{https://github.com/vinced/namecoin}},
	note = {Accessed: 11/29/2013 }
}

@article{mockapetris2003rfc,
  title={RFC 1034: Domain names: concepts and facilities (November 1987)},
  author={Mockapetris, Paul},
  journal={Status: Standard},
  year={2003}
}


@article{mockapetris2004rfc,
  title={RFC 1035: Domain names: implementation and specification (November 1987)},
  author={Mockapetris, Paul},
  journal={\url{http://www. ietf. org/rfc/rfc1035.txt}},
  year={2004}
}


@article{blacka2013clarifications,
  title={Clarifications and Implementation Notes for DNS Security (DNSSEC)},
  author={Blacka, David and Weiler, Samuel},
  year={2013}
}

@misc{pdns,
title = {PowerDNS},
howpublished = {\url{https://www.powerdns.com/}}
}

@article{irm,
  title={IRM: integrated file replication and consistency maintenance in P2P systems},
  author={Shen, Haiying},
  journal={Parallel and Distributed Systems, IEEE Transactions on},
  volume={21},
  number={1},
  pages={100--113},
  year={2010},
  publisher={IEEE}
}


@inproceedings{voronet,
  title={VoroNet: A scalable object network based on Voronoi tessellations},
  author={Beaumont, Olivier and Kermarrec, A-M and Marchal, Loris and Rivi{\`e}re, Etienne},
  booktitle={Parallel and Distributed Processing Symposium, 2007. IPDPS 2007. IEEE International},
  pages={1--10},
  year={2007},
  organization={IEEE}
}



@article{voronoi,
 author = {Aurenhammer, Franz},
 title = {Voronoi Diagrams\&Mdash;a Survey of a Fundamental Geometric Data Structure},
 journal = {ACM Comput. Surv.},
 issue_date = {Sept. 1991},
 volume = {23},
 number = {3},
 month = sep,
 year = {1991},
 issn = {0360-0300},
 pages = {345--405},
 numpages = {61},
 url = {http://doi.acm.org/10.1145/116873.116880},
 doi = {10.1145/116873.116880},
 acmid = {116880},
 publisher = {ACM},
 address = {New York, NY, USA},
 keywords = {cell complex, clustering, combinatorial complexity, convex hull, crystal structure, divide-and-conquer, geometric data structure, growth model, higher dimensional embedding, hyperplane arrangement, k-set, motion planning, neighbor searching, object modeling, plane-sweep, proximity, randomized insertion, spanning tree, triangulation},
} 

@article{sopa,
  title={Stop online piracy act},
  author={Smith, Lamar},
  journal={US Government.[Links]},
  year={2011}
}

@inproceedings{pipa,
  title={Preventing Real Online Threats to Economic Creativity and Theft of Intellectual Property Act of 2011. S. 968},
  author={PROTECT, IP},
  booktitle={112th Congress, 1st Session, May},
  volume={26},
  year={2011}
}

@article{lemley2011don,
  title={Don't break the Internet},
  author={Lemley, Mark and Levine, David and Post, David},
  journal={Stanford Law Review Online},
  volume={64},
  pages={34},
  year={2011}
}


@article{crocker2011security,
  title={Security and Other Technical Concerns Raised by the DNS Filtering Requirements in the PROTECT IP Bill},
  author={Crocker, Steve and Dagon, David and Kaminsky, Dan and McPherson, DKH Danny and Vixie, Paul},
  journal={White Paper},
  year={2011}
}

@article{ramasubramanian2004design,
  title={The design and implementation of a next generation name service for the internet},
  author={Ramasubramanian, Venugopalan and Sirer, Emin G{\"u}n},
  journal={ACM SIGCOMM Computer Communication Review},
  volume={34},
  number={4},
  pages={331--342},
  year={2004},
  publisher={ACM}
}



@ARTICLE{astar, 
author={Hart, P.E. and Nilsson, N.J. and Raphael, B.}, 
journal={Systems Science and Cybernetics, IEEE Transactions on}, 
title={A Formal Basis for the Heuristic Determination of Minimum Cost Paths}, 
year={1968}, 
volume={4}, 
number={2}, 
pages={100-107}, 
keywords={Automatic control;Automatic programming;Chemical technology;Costs;Functional programming;Gradient methods;Instruction sets;Mathematical programming;Minimax techniques;Minimization methods}, 
doi={10.1109/TSSC.1968.300136}, 
ISSN={0536-1567},}


@article{inject,
  title={Measurement of Globally Visible DNS Injection},
  author={Wander, Matth{\"a}us and Boelmann, Christopher and Schwittmann, Lorenz and Weis, Torben}
}


@INPROCEEDINGS{bitdiff, 
author={Bedford Taylor, Michael}, 
booktitle={Compilers, Architecture and Synthesis for Embedded Systems (CASES), 2013 International Conference on}, 
title={Bitcoin and the age of Bespoke Silicon}, 
year={2013}, 
pages={1-10}, 
keywords={Application specific integrated circuits;Data mining;Exchange rates;Field programmable gate arrays;Graphics processing units;Hardware;Technological innovation;Bitcoin;Dark Silicon;Specialization}, 
doi={10.1109/CASES.2013.6662520},}
